@article{metaphor1995,
    Author = {A. Michael Froomkin},
    Publisher = {Payot},
    Title = {Metaphor is the Key: Cryptography, the Clipper Chip, and the Constitution},
    Year = {1995},
    Pages = {709-897},
    journal = {U. Penn Law Review 1995},
    url = {http://scholarship.law.upenn.edu/penn_law_review/vol143/iss3/3}
}

@book{eff-des1998,
    Author = {John Gilmore},
    Organization = {Electronic Frontier Foundation},
    Publisher = {O'Reilly \& Associates, Inc.},
    Title = {Cracking DES: Secrets of Encryption Research, Wiretap Politics, and Chip Design},
    Year = {1998},
    ISBN = {1-56592-520-3},
    url = {http://cryptome.org/jya/cracking-des/cracking-des.htm}
}

@techreport{mit1997,
    Author = {Hal Abelson},
    Title = {The Risks of Key Recovery, Key Escrow and Trusted Third-Party Encryption},
    Year = {1997},
    Institution = {Columbia University},
    Publisher = {Columbia University Academic Commons},
    url = {http://hdl.handle.net/10022/AC:P:9130}
}

@techreport{mit2015,
    Author = {Hal Abelson},
    Title = {Keys Under Doormats: Mandating insecurity by requiring government access to all data and communications},
    Advisor = {Daniel Weitzner},
    Year = {2015},
    Institution = {Massachusetts Institute of Technology},
    url = {http://hdl.handle.net/1721.1/97690}
}

@misc{lavabit-brief,
    Author = {Kurt Opsahl, Jennifer Lynch, Hanni Fakhoury},
    Title = {Brief of Amicus Curiae (In support of Lavabit)},
    Year = {2013},
    Organization = {Electronic Frontier Foundation}
}

@misc{lavabit-opinion,
    Author = {{United States Court of Appeals for the Fourth Circuit}},
    Title = {United States v. Lavabit},
    Year = {2014},
    url = {http://www.eff.org/files/2014/04/16/lavabit_opinion.pdf}
}

@misc{going-dark,
    author = {James B. Comey},
    Title = {Going Dark: Are Technology, Privacy, and Public Safety on a Collision Course?},
    Year = {2014},
    howpublished = {speech},
    Organization = {Federal Bureau of Investigation},
    url = {https://www.fbi.gov/news/speeches/going-dark-are-technology-privacy-and-public-safety-on-a-collision-course}
}

@ARTICLE{going-bright, 
    author={Bellovin, S.M. and Blaze, M. and Clark, S. and Landau, S.}, 
    journal={Security Privacy, IEEE}, 
    title={Going Bright: Wiretapping without Weakening Communications Infrastructure}, 
    year={2013}, 
    volume={11}, 
    number={1}, 
    pages={62-72}, 
    keywords={IP networks;Internet;computer network security;law;mobile communication;peer-to-peer computing;IP network infrastructure;Internet based services;digital voice networks;encryption;going bright;law enforcement;mobile IP based communications;peer-to-peer communication methods;software platforms;weakening communications infrastructure;wiretap design requirements;Computer security;Law enforcement;Peer to peer computing;Privacy;Software;Surveillance;Technological innovation;CALEA;Communications Assistance for Law Enforcement Act;exploit;law enforcement;national security;security;surveillance;telecommunications;wiretap}, 
    doi={10.1109/MSP.2012.138}, 
    ISSN={1540-7993}, 
    month={Jan}
}

@misc{heartbleed,
    Title = {Heartbleed Bug},
    Author = {Codenomicon Ltd.},
    Year = {2014},
    url = {http://heartbleed.com/}
}
